@article{happe1995role,
  title={The role of age and verbal ability in the theory of mind task performance of subjects with autism},
  author={Happe, Francesca GE},
  journal={Child development},
  volume={66},
  number={3},
  pages={843--855},
  year={1995},
  publisher={Wiley Online Library}
}

@article{jones1972home,
  title={Home environment and the development of verbal ability},
  author={Jones, Pauline A},
  journal={Child Development},
  pages={1081--1086},
  year={1972},
  publisher={JSTOR}
}

@article{brett1996vocabulary,
  title={Vocabulary acquisition from listening to stories and explanations of target words},
  author={Brett, Arlene and Rothlein, Liz and Hurley, Michael},
  journal={The Elementary School Journal},
  volume={96},
  number={4},
  pages={415--422},
  year={1996},
  publisher={University of Chicago Press}
}

@article{wccd,
  title={Survey: Over 90\% children claim that their parents do not have enough time to accompany them},
  author={West China City Daily},
  year={2014. http://edu.sina.com.cn/zxx/2014-12-26/0813450854.shtml}
}

@article{vandewater2007digital,
  title={Digital childhood: electronic media and technology use among infants, toddlers, and preschoolers},
  author={Vandewater, Elizabeth A and Rideout, Victoria J and Wartella, Ellen A and Huang, Xuan and Lee, June H and Shim, Mi-suk},
  journal={Pediatrics},
  volume={119},
  number={5},
  pages={e1006--e1015},
  year={2007},
  publisher={Am Acad Pediatrics}
}

@article{as,
  title={6-Month-Old Babies Are Now Using Tablets and Smartphones},
  author={Alexandra Sifferlin},
  year={2015. http://time.com/3834978/babies-use-devices/}
}

@article{rh,
  title={Amazon is looking to drive user retention for Alexa skills},
  author={Rayna Hollander},
  year={2017. http://www.businessinsider.com/
amazon-is-looking-to-drive-user-retention-for-alexa-skills-2017-11}
}

@article{cb,
  title={ChinaByte. 2017. 5 Robots for Kids Worth Paying for. (2017). http://news.chinabyte.com/295/14160795.shtml}
}

@incollection{lops2011content,
  title={Content-based recommender systems: State of the art and trends},
  author={Lops, Pasquale and De Gemmis, Marco and Semeraro, Giovanni},
  booktitle={Recommender systems handbook},
  pages={73--105},
  year={2011},
  publisher={Springer}
}

@article{dhenakaran2011web,
  title={Web crawler-an overview},
  author={Dhenakaran, SS and Sambanthan, K Thirugnana},
  journal={International Journal of Computer Science and Communication},
  volume={2},
  number={1},
  pages={265--267},
  year={2011}
}

@article{goldberg2014word2vec,
  title={word2vec Explained: deriving Mikolov et al.'s negative-sampling word-embedding method},
  author={Goldberg, Yoav and Levy, Omer},
  journal={arXiv preprint arXiv:1402.3722},
  year={2014}
}

@inproceedings{kusner2015word,
  title={From word embeddings to document distances},
  author={Kusner, Matt and Sun, Yu and Kolkin, Nicholas and Weinberger, Kilian},
  booktitle={International Conference on Machine Learning},
  pages={957--966},
  year={2015}
}

@inproceedings{le2014distributed,
  title={Distributed representations of sentences and documents},
  author={Le, Quoc and Mikolov, Tomas},
  booktitle={Proceedings of the 31st International Conference on Machine Learning (ICML-14)},
  pages={1188--1196},
  year={2014}
}

@article{abdul2015survey,
  title={Survey on chatbot design techniques in speech conversation systems},
  author={Abdul-Kader, Sameera A and Woods, John},
  journal={Int. J. Adv. Comput. Sci. Appl.(IJACSA)},
  volume={6},
  number={7},
  year={2015}
}

@incollection{mctear2016introducing,
  title={Introducing the Conversational Interface},
  author={McTear, Michael and Callejas, Zoraida and Griol, David},
  booktitle={The Conversational Interface},
  pages={1--7},
  year={2016},
  publisher={Springer}
}

@inproceedings{liu2010personalized,
  title={Personalized news recommendation based on click behavior},
  author={Liu, Jiahui and Dolan, Peter and Pedersen, Elin R{\o}nby},
  booktitle={Proceedings of the 15th international conference on Intelligent user interfaces},
  pages={31--40},
  year={2010},
  organization={ACM}
}

@incollection{ricci2011introduction,
  title={Introduction to recommender systems handbook},
  author={Ricci, Francesco and Rokach, Lior and Shapira, Bracha},
  booktitle={Recommender systems handbook},
  pages={1--35},
  year={2011},
  publisher={Springer}
}

@article{grossman2010computers,
  title={How Computers Know What We Wantâ€”Before We Do},
  author={Grossman, Lev},
  journal={TIME magazine},
  volume={27},
  year={2010}
}

@article{jafarkarimi2012naive,
  title={A naive recommendation model for large databases},
  author={Jafarkarimi, Hosein and Sim, Alex Tze Hiang and Saadatdoost, Robab},
  journal={International Journal of Information and Education Technology},
  volume={2},
  number={3},
  pages={216},
  year={2012},
  publisher={IACSIT Press}
}

@inproceedings{breese1998empirical,
  title={Empirical analysis of predictive algorithms for collaborative filtering},
  author={Breese, John S and Heckerman, David and Kadie, Carl},
  booktitle={Proceedings of the Fourteenth conference on Uncertainty in artificial intelligence},
  pages={43--52},
  year={1998},
  organization={Morgan Kaufmann Publishers Inc.}
}

@book{aggarwal2016recommender,
  title={Recommender systems},
  author={Aggarwal, Charu C},
  year={2016},
  publisher={Springer}
}

@article{adomavicius2005toward,
  title={Toward the next generation of recommender systems: A survey of the state-of-the-art and possible extensions},
  author={Adomavicius, Gediminas and Tuzhilin, Alexander},
  journal={IEEE transactions on knowledge and data engineering},
  volume={17},
  number={6},
  pages={734--749},
  year={2005},
  publisher={IEEE}
}
