@article{happe1995role,
  title={The role of age and verbal ability in the theory of mind task performance of subjects with autism},
  author={Happe, Francesca GE},
  journal={Child development},
  volume={66},
  number={3},
  pages={843--855},
  year={1995},
  publisher={Wiley Online Library}
}
